@article{proudfoot,
  author          = {Proudfoot, Nicholas},
  title           = {Lectures on Toric Varieties},
  year            = {2010}
}

@book{cls,
  author         = {Cox, David and Little, John and Schenck, Hal},
  publisher      = {American Mathematical Society},
  title          = {Toric Varieties},
  year           = {2011}
}

@book{mcduff-salamon,
  author         = {McDuff, Dusa and Salamon, Dietmar},
  publisher      = {Oxford University Press},
  title          = {Introduction to Symplectic Topology},
  year           = {1998}
}

@article{hamilton,
  author          = {Hamilton, Mark},
  journal         = {Proceedings of 2006 International Toric Topology Conference},
  title           = {The quantization of a toric manifold is given by the integer lattice points in the moment polytope},
  year            = {2006}
}

@book{lsg,
author = {Cannas da Silva, Ana},
title = {Lectures on Symplectic Geometry},
publisher = {Springer},
year = {2001}
}

@article{hoskins,
author = {Hoskins,Victoria},
title = {Geometric invariant theory and symplectic quotients},
}

@book{huybrechts,
author = {Huybrechts, Daniel},
title = {Complex Geometry: An Introduction},
publisher = {Springer},
year = {2005}
}

@book{hatcher,
author = {Hatcher, Allen},
title = {Algebraic Topology},
publisher = {Cambridge University Press},
year = {2002}
}


